%%% TEXTBOOKS %%%
@book{arveson2002short,
  title={A short course on spectral theory},
  author={Arveson, William and Gehring, FW and Ribet, KA},
  volume={209},
  year={2002},
  publisher={Springer}
}

@book{davies1995spectral,
  title={Spectral theory and differential operators},
  author={Davies, Edward Brian},
  volume={42},
  year={1995},
  publisher={Cambridge University Press}
}

@book{evans2010partial,
  title={Partial differential equations},
  author={Evans, Lawrence C},
  volume={19},
  year={2010},
  publisher={American Mathematical Society},
  edition = {2},
}


%%% PAPERS %%%
@article{francis1961qr,
  title={The QR transformation a unitary analogue to the LR transformationâ€”Part 1},
  author={Francis, John GF},
  journal={The Computer Journal},
  volume={4},
  number={3},
  pages={265--271},
  year={1961},
  publisher={Oxford University Press}
}
