@book{gustafson1997numerical,
  title={Numerical range},
  author={Gustafson, Karl E and Rao, Duggirala KM and Gustafson, Karl E and Rao, Duggirala KM},
  year={1997},
  publisher={Springer}
}
